@article{savelsbergh1994preprocessing,
  title={Preprocessing and probing techniques for mixed integer programming problems},
  author={Savelsbergh, Martin WP},
  journal={ORSA Journal on Computing},
  volume={6},
  number={4},
  pages={445--454},
  year={1994},
  publisher={INFORMS}
}

@misc{cplex2005high,
  title={High-performance software for mathematical programming and optimization},
  author={CPLEX, ILOG},
  year={2005}
}

@article{linderoth2005noncommercial,
  title={Noncommercial software for mixed-integer linear programming},
  author={Linderoth, Jeffrey T and Ralphs, Ted K},
  journal={Integer programming: theory and practice},
  volume={3},
  pages={253--303},
  year={2005},
  publisher={CRC Press Operations Research Series}
}

@article{dantzig1957discrete,
  title={Discrete-variable extremum problems},
  author={Dantzig, George B},
  journal={Operations research},
  volume={5},
  number={2},
  pages={266--288},
  year={1957},
  publisher={INFORMS}
}

@article{fukasawa2011exact,
  title={On the exact separation of mixed integer knapsack cuts},
  author={Fukasawa, Ricardo and Goycoolea, Marcos},
  journal={Mathematical programming},
  volume={128},
  number={1-2},
  pages={19--41},
  year={2011},
  publisher={Springer}
}

